%YAML 1.1
%TAG !u! tag:unity3d.com,2011:
--- !u!244 &-9098474441314222129
AudioMixerEffectController:
  m_ObjectHideFlags: 3
  m_CorrespondingSourceObject: {fileID: 0}
  m_PrefabInstance: {fileID: 0}
  m_PrefabAsset: {fileID: 0}
  m_Name: 
  m_EffectID: e9115bd92ccbd4cd287c2242d8833a60
  m_EffectName: Receive
  m_MixLevel: f603aec95f3e64112ad849e11d7ac9c1
  m_Parameters: []
  m_SendTarget: {fileID: 0}
  m_EnableWetMix: 0
  m_Bypass: 0
--- !u!244 &-9024920687179925050
AudioMixerEffectController:
  m_ObjectHideFlags: 3
  m_CorrespondingSourceObject: {fileID: 0}
  m_PrefabInstance: {fileID: 0}
  m_PrefabAsset: {fileID: 0}
  m_Name: 
  m_EffectID: 00864c81ec511408e8a74e32016186f6
  m_EffectName: Send
  m_MixLevel: f27e0f11e66d941fd8d9d8edd2f172d0
  m_Parameters: []
  m_SendTarget: {fileID: 8799285288406600219}
  m_EnableWetMix: 0
  m_Bypass: 0
--- !u!244 &-9011838721834273789
AudioMixerEffectController:
  m_ObjectHideFlags: 3
  m_CorrespondingSourceObject: {fileID: 0}
  m_PrefabInstance: {fileID: 0}
  m_PrefabAsset: {fileID: 0}
  m_Name: 
  m_EffectID: 7b9e92da1b29a404587c499d48401bf3
  m_EffectName: Attenuation
  m_MixLevel: eb0a0955e134741ccbd1aff711824c37
  m_Parameters: []
  m_SendTarget: {fileID: 0}
  m_EnableWetMix: 0
  m_Bypass: 0
--- !u!243 &-8648392851825301616
AudioMixerGroupController:
  m_ObjectHideFlags: 0
  m_CorrespondingSourceObject: {fileID: 0}
  m_PrefabInstance: {fileID: 0}
  m_PrefabAsset: {fileID: 0}
  m_Name: Music
  m_AudioMixer: {fileID: 24100000}
  m_GroupID: 16812c8f4181f434fa5f6f15fc9b27e1
  m_Children: []
  m_Volume: 96710b1e9584f46bc890cc4104d39607
  m_Pitch: 8ee7763c7575d4c48b23fa0a8deb78d6
  m_Send: 00000000000000000000000000000000
  m_Effects:
  - {fileID: 5899782080237991741}
  - {fileID: 8799285288406600219}
  m_UserColorIndex: 1
  m_Mute: 0
  m_Solo: 0
  m_BypassEffects: 0
--- !u!243 &-5558141335622662063
AudioMixerGroupController:
  m_ObjectHideFlags: 0
  m_CorrespondingSourceObject: {fileID: 0}
  m_PrefabInstance: {fileID: 0}
  m_PrefabAsset: {fileID: 0}
  m_Name: SFX
  m_AudioMixer: {fileID: 24100000}
  m_GroupID: 2ffb4df4ec6284acf856b17df4033a5b
  m_Children: []
  m_Volume: 77c92a5b1f79e4425aa5bf10d32453f4
  m_Pitch: 8ffbd46ed6f9c4716a3d80a6ac2c3a40
  m_Send: 00000000000000000000000000000000
  m_Effects:
  - {fileID: -9011838721834273789}
  - {fileID: -9024920687179925050}
  - {fileID: -4095321744981954076}
  m_UserColorIndex: 5
  m_Mute: 0
  m_Solo: 0
  m_BypassEffects: 0
--- !u!244 &-4095321744981954076
AudioMixerEffectController:
  m_ObjectHideFlags: 3
  m_CorrespondingSourceObject: {fileID: 0}
  m_PrefabInstance: {fileID: 0}
  m_PrefabAsset: {fileID: 0}
  m_Name: 
  m_EffectID: 97290aacee958407583cca5c2c772bee
  m_EffectName: Send
  m_MixLevel: bf1260dd5f041417fba2f74c3c04c3c0
  m_Parameters: []
  m_SendTarget: {fileID: -9098474441314222129}
  m_EnableWetMix: 0
  m_Bypass: 0
--- !u!244 &-3481013611240345675
AudioMixerEffectController:
  m_ObjectHideFlags: 3
  m_CorrespondingSourceObject: {fileID: 0}
  m_PrefabInstance: {fileID: 0}
  m_PrefabAsset: {fileID: 0}
  m_Name: 
  m_EffectID: d7f43fcce469e46d5b8d7db391948fa0
  m_EffectName: SFX Reverb
  m_MixLevel: 5e65aa76748804bb5a7426b7ea4687a6
  m_Parameters:
  - m_ParameterName: Dry Level
    m_GUID: 94d820d3a845447ad9b7e23ff2117a6b
  - m_ParameterName: Room
    m_GUID: 3453cb48e1a0d4a60beb7aefb0083e69
  - m_ParameterName: Room HF
    m_GUID: 001ca2aefcc654a3bb83b777315ad198
  - m_ParameterName: Decay Time
    m_GUID: 6323f612b5745409e9eb9e16fc8baa7c
  - m_ParameterName: Decay HF Ratio
    m_GUID: 02b46e8e7da4145d6b2b9ca3f3f5dcfc
  - m_ParameterName: Reflections
    m_GUID: ae4dd168f127f483cb04033957cbeb5b
  - m_ParameterName: Reflect Delay
    m_GUID: 4b37ca384add443d0be577af8e72ec03
  - m_ParameterName: Reverb
    m_GUID: e9af5dbb516fd47d3b7d27d929c948a8
  - m_ParameterName: Reverb Delay
    m_GUID: df78ead3b16a74f0eb9837d764044493
  - m_ParameterName: Diffusion
    m_GUID: 31b8e058d80a346da8608aa376de64a1
  - m_ParameterName: Density
    m_GUID: 2b10357a85a694edc98bdba142550f2a
  - m_ParameterName: HF Reference
    m_GUID: 6c50bdbf34fa5422fae1bd23c6bd7835
  - m_ParameterName: Room LF
    m_GUID: 6ec64443689a247d685cf62d06072c11
  - m_ParameterName: LF Reference
    m_GUID: 2ff56d1c808b34433b83a0f8b33a6e48
  m_SendTarget: {fileID: 0}
  m_EnableWetMix: 0
  m_Bypass: 0
--- !u!245 &-469066549436868377
AudioMixerSnapshotController:
  m_ObjectHideFlags: 0
  m_CorrespondingSourceObject: {fileID: 0}
  m_PrefabInstance: {fileID: 0}
  m_PrefabAsset: {fileID: 0}
  m_Name: MusicOnly
  m_AudioMixer: {fileID: 24100000}
  m_SnapshotID: df44d001813754001847b428d0876315
  m_FloatValues:
    4e4586513f0524edd91f03f195a095f0: -80
    c3c4619175a7d4d729310f646f785ef0: 1000
    6323f612b5745409e9eb9e16fc8baa7c: 1.49
    50f812226cab54bcda09c25a256ff811: -4004
    e8e39d5288fb143a8a023be9381d82ad: -0
    ef3955829ddac4c91809a262eb14c68f: 2000
    44632ba25e18244a5b25e43500ddbbbb: -10000
    64e66ec2bb3334576a563bdc64559674: 100
    615e42738b5b7462db7604f398ed65e1: 0.1
    df78ead3b16a74f0eb9837d764044493: 0.01
    29e37ad4f123d4ddd8bd06e3b1f546fa: 0.1
    d5190976c63524367aff2a27dc888770: 0
    ea58f4c6984ef460a854719d517315e8: 0
    4b37ca384add443d0be577af8e72ec03: 0
    3453cb48e1a0d4a60beb7aefb0083e69: -1000
    ae4dd168f127f483cb04033957cbeb5b: -370
    dda2d1594998c46d59355a133f968d39: 1
    137526d9c55584eb8b6471ec82def0c7: 6260
    44fa383a3d755470380aeef7d4ddca19: 15.6
    2b10357a85a694edc98bdba142550f2a: 60
    3eb2d5ea08b29438caaa41a590993d02: 1
    203b46ea8f011401397c92435f768d60: 0
    77c92a5b1f79e4425aa5bf10d32453f4: -80
    e9af5dbb516fd47d3b7d27d929c948a8: 1030
    e84603ccb8bd444a4824d2d1618a6144: 7.26
    46127b9d00afc479fb16d4c9afa27c22: 0.3
    96710b1e9584f46bc890cc4104d39607: -0.0025634393
    02b46e8e7da4145d6b2b9ca3f3f5dcfc: 0.59
    001ca2aefcc654a3bb83b777315ad198: -1200
    00bfc30f5b9464d08a5e1f448316471c: 20000
    ad18442fe4cd54fd8883f45e2026b6ee: -80
    3f24d58fe09a94e48a9b4f7b29a6dde5: 0
    abb4faffe32244e90b48fc1c7ab2a518: -10000
  m_TransitionOverrides: {}
--- !u!243 &-361938334859814590
AudioMixerGroupController:
  m_ObjectHideFlags: 0
  m_CorrespondingSourceObject: {fileID: 0}
  m_PrefabInstance: {fileID: 0}
  m_PrefabAsset: {fileID: 0}
  m_Name: Environment
  m_AudioMixer: {fileID: 24100000}
  m_GroupID: 6d2861f9301da4c6f80b864eddabc665
  m_Children: []
  m_Volume: 4e4586513f0524edd91f03f195a095f0
  m_Pitch: fcee57ebc250749a4927de8460427892
  m_Send: 00000000000000000000000000000000
  m_Effects:
  - {fileID: -222455925066632241}
  m_UserColorIndex: 7
  m_Mute: 0
  m_Solo: 0
  m_BypassEffects: 0
--- !u!244 &-222455925066632241
AudioMixerEffectController:
  m_ObjectHideFlags: 3
  m_CorrespondingSourceObject: {fileID: 0}
  m_PrefabInstance: {fileID: 0}
  m_PrefabAsset: {fileID: 0}
  m_Name: 
  m_EffectID: 45b3daf17100541d3b12304a5f3bbb5c
  m_EffectName: Attenuation
  m_MixLevel: d9a2a3cb5d5054dd187ce427c5ce2317
  m_Parameters: []
  m_SendTarget: {fileID: 0}
  m_EnableWetMix: 0
  m_Bypass: 0
--- !u!241 &24100000
AudioMixerController:
  m_ObjectHideFlags: 0
  m_CorrespondingSourceObject: {fileID: 0}
  m_PrefabInstance: {fileID: 0}
  m_PrefabAsset: {fileID: 0}
  m_Name: MasterMixer
  m_OutputGroup: {fileID: 0}
  m_MasterGroup: {fileID: 24300002}
  m_Snapshots:
  - {fileID: 24500006}
  - {fileID: -469066549436868377}
  m_StartSnapshot: {fileID: 24500006}
  m_SuspendThreshold: -80
  m_EnableSuspend: 1
  m_UpdateMode: 0
  m_ExposedParameters:
  - guid: 96710b1e9584f46bc890cc4104d39607
    name: MusicVolume
  - guid: 77c92a5b1f79e4425aa5bf10d32453f4
    name: SFXVolume
  m_AudioMixerGroupViews:
  - guids:
    - 6ad179dc55ffe401d8f789ff90c5b0e4
    - 16812c8f4181f434fa5f6f15fc9b27e1
    - 2ffb4df4ec6284acf856b17df4033a5b
    - 6d2861f9301da4c6f80b864eddabc665
    - 0b45963d0b5eb4666b4df926a46f42bf
    name: All
  - guids:
    - 6ad179dc55ffe401d8f789ff90c5b0e4
    - 16812c8f4181f434fa5f6f15fc9b27e1
    name: Music
  - guids:
    - 6ad179dc55ffe401d8f789ff90c5b0e4
    - 6d2861f9301da4c6f80b864eddabc665
    name: Environment
  - guids:
    - 6ad179dc55ffe401d8f789ff90c5b0e4
    - 2ffb4df4ec6284acf856b17df4033a5b
    name: Sfx
  m_CurrentViewIndex: 0
  m_TargetSnapshot: {fileID: -469066549436868377}
--- !u!243 &24300002
AudioMixerGroupController:
  m_ObjectHideFlags: 0
  m_CorrespondingSourceObject: {fileID: 0}
  m_PrefabInstance: {fileID: 0}
  m_PrefabAsset: {fileID: 0}
  m_Name: Master
  m_AudioMixer: {fileID: 24100000}
  m_GroupID: 6ad179dc55ffe401d8f789ff90c5b0e4
  m_Children:
  - {fileID: 4692791094428045790}
  - {fileID: -8648392851825301616}
  - {fileID: -5558141335622662063}
  - {fileID: -361938334859814590}
  m_Volume: 84c0712bb3900422a82e4acd63fcdce3
  m_Pitch: aedd6a4ea49f943a38fc14612d7f8e1b
  m_Send: 00000000000000000000000000000000
  m_Effects:
  - {fileID: 24400004}
  m_UserColorIndex: 3
  m_Mute: 0
  m_Solo: 0
  m_BypassEffects: 0
--- !u!244 &24400004
AudioMixerEffectController:
  m_ObjectHideFlags: 3
  m_CorrespondingSourceObject: {fileID: 0}
  m_PrefabInstance: {fileID: 0}
  m_PrefabAsset: {fileID: 0}
  m_Name: 
  m_EffectID: 5c2c5dcae3b1c499c9bd80e63d43d230
  m_EffectName: Attenuation
  m_MixLevel: 5527b583bc0a44c2698a1d8dd292896d
  m_Parameters: []
  m_SendTarget: {fileID: 0}
  m_EnableWetMix: 0
  m_Bypass: 0
--- !u!245 &24500006
AudioMixerSnapshotController:
  m_ObjectHideFlags: 0
  m_CorrespondingSourceObject: {fileID: 0}
  m_PrefabInstance: {fileID: 0}
  m_PrefabAsset: {fileID: 0}
  m_Name: Default
  m_AudioMixer: {fileID: 24100000}
  m_SnapshotID: 619934402e73747ac8144c3e263bebcc
  m_FloatValues:
    c3c4619175a7d4d729310f646f785ef0: 1000
    6323f612b5745409e9eb9e16fc8baa7c: 1.49
    50f812226cab54bcda09c25a256ff811: -4004
    e8e39d5288fb143a8a023be9381d82ad: -0
    ef3955829ddac4c91809a262eb14c68f: 2000
    44632ba25e18244a5b25e43500ddbbbb: -10000
    64e66ec2bb3334576a563bdc64559674: 100
    615e42738b5b7462db7604f398ed65e1: 0.1
    df78ead3b16a74f0eb9837d764044493: 0.01
    29e37ad4f123d4ddd8bd06e3b1f546fa: 0.1
    d5190976c63524367aff2a27dc888770: 0
    ea58f4c6984ef460a854719d517315e8: 0
    4b37ca384add443d0be577af8e72ec03: 0
    3453cb48e1a0d4a60beb7aefb0083e69: -1000
    ae4dd168f127f483cb04033957cbeb5b: -370
    dda2d1594998c46d59355a133f968d39: 1
    137526d9c55584eb8b6471ec82def0c7: 6260
    44fa383a3d755470380aeef7d4ddca19: 15.6
    2b10357a85a694edc98bdba142550f2a: 60
    3eb2d5ea08b29438caaa41a590993d02: 1
    203b46ea8f011401397c92435f768d60: 0
    84c0712bb3900422a82e4acd63fcdce3: 0.025578512
    e9af5dbb516fd47d3b7d27d929c948a8: 1030
    e84603ccb8bd444a4824d2d1618a6144: 7.26
    46127b9d00afc479fb16d4c9afa27c22: 0.3
    96710b1e9584f46bc890cc4104d39607: -2.0863912
    02b46e8e7da4145d6b2b9ca3f3f5dcfc: 0.59
    001ca2aefcc654a3bb83b777315ad198: -1200
    00bfc30f5b9464d08a5e1f448316471c: 20000
    ad18442fe4cd54fd8883f45e2026b6ee: 0
    3f24d58fe09a94e48a9b4f7b29a6dde5: 0
    abb4faffe32244e90b48fc1c7ab2a518: -10000
  m_TransitionOverrides: {}
--- !u!244 &782482748227640743
AudioMixerEffectController:
  m_ObjectHideFlags: 3
  m_CorrespondingSourceObject: {fileID: 0}
  m_PrefabInstance: {fileID: 0}
  m_PrefabAsset: {fileID: 0}
  m_Name: 
  m_EffectID: 4120bf0dd019447d7b964c228395d368
  m_EffectName: Attenuation
  m_MixLevel: 7b93f8ffe38f844fb82df6af53df1c50
  m_Parameters: []
  m_SendTarget: {fileID: 0}
  m_EnableWetMix: 0
  m_Bypass: 0
--- !u!243 &4692791094428045790
AudioMixerGroupController:
  m_ObjectHideFlags: 0
  m_CorrespondingSourceObject: {fileID: 0}
  m_PrefabInstance: {fileID: 0}
  m_PrefabAsset: {fileID: 0}
  m_Name: Reverb
  m_AudioMixer: {fileID: 24100000}
  m_GroupID: 0b45963d0b5eb4666b4df926a46f42bf
  m_Children: []
  m_Volume: ad18442fe4cd54fd8883f45e2026b6ee
  m_Pitch: c7da9df7000d64c18ac41a4e8f959396
  m_Send: 00000000000000000000000000000000
  m_Effects:
  - {fileID: 782482748227640743}
  - {fileID: -9098474441314222129}
  - {fileID: -3481013611240345675}
  m_UserColorIndex: 8
  m_Mute: 0
  m_Solo: 0
  m_BypassEffects: 0
--- !u!244 &5899782080237991741
AudioMixerEffectController:
  m_ObjectHideFlags: 3
  m_CorrespondingSourceObject: {fileID: 0}
  m_PrefabInstance: {fileID: 0}
  m_PrefabAsset: {fileID: 0}
  m_Name: 
  m_EffectID: 614f61362220942ce901cb768c8a20f3
  m_EffectName: Attenuation
  m_MixLevel: 62a52b6a2cb0c464bb8e463968d60909
  m_Parameters: []
  m_SendTarget: {fileID: 0}
  m_EnableWetMix: 0
  m_Bypass: 0
--- !u!244 &8799285288406600219
AudioMixerEffectController:
  m_ObjectHideFlags: 3
  m_CorrespondingSourceObject: {fileID: 0}
  m_PrefabInstance: {fileID: 0}
  m_PrefabAsset: {fileID: 0}
  m_Name: 
  m_EffectID: 36d2b65a88caf4ae5b7fa4d1fb67ce6c
  m_EffectName: Receive
  m_MixLevel: 1a99705ddf73443e1833dede8462d605
  m_Parameters: []
  m_SendTarget: {fileID: 0}
  m_EnableWetMix: 0
  m_Bypass: 0
